@article{hofmann2019reciprocal,
  title = {Reciprocal skin effect and its realization in a topolectrical circuit},
  author = {Hofmann, Tobias and Helbig, Tobias and Schindler, Frank and Salgo, Nora and Brzezińska, Marta and Greiter, Martin and Kiessling, Tobias and Wolf, David and Vollhardt, Achim and Kaba\v{s}i, Anton and Lee, Ching Hua and Bilu\v{s}i\v{c}, Ante and Thomale, Ronny and Neupert, Titus},
  author+an = {5=highlight},
  journal = {Phys. Rev. Research},
  volume = {2},
  issue = {2},
  pages = {023265},
  numpages = {11},
  year = {2020},
  month = {06},
  publisher = {American Physical Society},
  doi = {10.1103/PhysRevResearch.2.023265},
  url= {https://link.aps.org/doi/10.1103/PhysRevResearch.2.023265},
  addendum = {Editors' Suggestion \\
  \emph{Author contributions: T. H., T. H., F. S., M. B., M. G, T. K., D. W., C. H. L., R. T., and T. N. conceived the project. T. H. and T. H. performed numerical simulations. A. V., A. K., and A. B. were responsible for circuit implementation. T. H., T. H., and N. S. perfomed the measurements. T. H., T. H., F. S., M. B., C. H. L., R. T., and T. N. worked out the theoretical results.}}
}

@article{Charges2D2019,
  title = {Fractional corner charges in spin-orbit coupled crystals},
  author = {Schindler, Frank and Brzezi{\'n}ska, Marta and Benalcazar, Wladimir A. and Iraola, Mikel and Bouhon, Adrien and Tsirkin, Stepan S. and Vergniory, Maia G. and Neupert, Titus},
  author+an = {2=highlight},
  journal = {Phys. Rev. Research},
  volume = {1},
  issue = {3},
  pages = {033074},
  numpages = {20},
  year = {2019},
  month = {11},
  publisher = {American Physical Society},
  doi = {10.1103/PhysRevResearch.1.033074},
  url = {https://link.aps.org/doi/10.1103/PhysRevResearch.1.033074},
  addendum = { \\ \emph{Author contributions: F. S., M. B., W. A. B., A. B., and T. N. conceived the project and worked out the theoretical results, M. I., S. S. T, and M. G. V. performed first-principled calculations.}}
}

@article{Fractals2018,
  title = {Topology in the Sierpiński-Hofstadter problem},
  author+an = {1=highlight},
  author = {Brzezińska, Marta and Cook, Ashley M. and Neupert, Titus},
  journal = {Phys. Rev. B},
  volume = {98},
  issue = {20},
  pages = {205116},
  numpages = {8},
  year = {2018},
  month = {11},
  publisher = {American Physical Society},
  doi = {10.1103/PhysRevB.98.205116},
  url = {https://link.aps.org/doi/10.1103/PhysRevB.98.205116},
    addendum = { \\ \emph{Author contributions: M. B., A. M. C., and T. N. conceived the project and worked out the theoretical results.}}
}


@article{NOURI20182952,
title = "Topological phases in Bi/Sb planar and buckled honeycomb monolayers",
journal = "Physics Letters A",
volume = "382",
number = "40",
pages = "2952 - 2958",
year = "2018",
issn = "0375-9601",
doi = {10.1016/j.physleta.2018.06.037},
url = {http://www.sciencedirect.com/science/article/pii/S0375960118307096},
author = {N. Nouri and M. Bieniek and M. Brzezińska and M. Modarresi and S. Zia Borujeni and Gh. Rashedi and A. Wójs and P. Potasz},
author+an = {3=highlight},
 addendum = { \\ \emph{Author contributions: N. N., M. B., M. B.,  S. Z. B., G. R., A. W., and P.P conceived the project. N. N., M. B., M. B., and P. P. carried out the theoretical analysis and model calculations. M. M. performed first-principle calculations.}}
}

@article{BiSbEnt2018,
  title={Entanglement entropy and entanglement spectrum of Bi$_{1-x}$ Sb$_{x}$ (111) bilayers},
  author={Brzezi{\'n}ska, Marta and Bieniek, Maciej and Wo{\'z}niak, Tomasz and Potasz, Pawe{\l} and W{\'o}js, Arkadiusz},
  author+an = {1=highlight},
  journal={Journal of Physics: Condensed Matter},
  url={https://iopscience.iop.org/article/10.1088/1361-648X/aaaf54/pdf},
  doi={10.1088/1361-648X/aaaf54}, 
  volume={30},
  number={12},
  pages={125501},
  year={2018},
  publisher={IOP Publishing},
  addendum = { \\ \emph{Author contributions: M. B., M. B., P. P., and A. W. conceived the project. M. B., M. B., and P. P. carried out the model calculations. T. W. performed first-principle calculations.}}
}

