@misc{hofmann2019reciprocal,
    title={Reciprocal skin effect and its realization in a topolectrical circuit},
    author={Tobias Hofmann and Tobias Helbig and Frank Schindler and Nora Salgo and Marta Brzezińska and Martin Greiter and Tobias Kiessling and David Wolf and Achim Vollhardt and Anton Kabaši and Ching Hua Lee and Ante Bilušić and Ronny Thomale and Titus Neupert},
    year={2019},
    eprint={1908.02759},
    archivePrefix={arXiv},
    primaryClass={cond-mat.mes-hall}
}


@misc{potasz2017topological,
    title={Topological phase transitions in Chern insulators within three-band models},
    author={P. Potasz and B. Jaworowski and M. Kupczyński and M. Brzezińska and P. Kaczmarkiewicz and A. Wójs},
    year={2017},
    eprint={1710.06631},
    archivePrefix={arXiv},
    primaryClass={cond-mat.str-el}
}